<?xml version="1.0" encoding="UTF-8"?><record xmlns="http://www.loc.gov/MARC21/slim" xmlns:cinclude="http://apache.org/cocoon/include/1.0" xmlns:zs="http://www.loc.gov/zing/srw/">
  <leader>00508cz  a2200145n  4500</leader>
  <controlfield tag="001">no2003005320</controlfield>
  <controlfield tag="003">DLC</controlfield>
  <controlfield tag="005">20030122053417.0</controlfield>
  <controlfield tag="008">030117n| acannaabn          |n aaa     c</controlfield>
  <datafield tag="010" ind1=" " ind2=" ">
    <subfield code="a">no2003005320</subfield>
  </datafield>
  <datafield tag="035" ind1=" " ind2=" ">
    <subfield code="a">(OCoLC)oca05952698</subfield>
  </datafield>
  <datafield tag="040" ind1=" " ind2=" ">
    <subfield code="a">CU-RivAV</subfield>
    <subfield code="b">eng</subfield>
    <subfield code="c">CU-RivAV</subfield>
  </datafield>
  <datafield tag="100" ind1="1" ind2=" ">
    <subfield code="a">Lichtman, Al,</subfield>
    <subfield code="d">1885-1958</subfield>
  </datafield>
  <datafield tag="670" ind1=" " ind2=" ">
    <subfield code="a">The young lions, 2001:</subfield>
    <subfield code="b">credits (Al Lichtman)</subfield>
  </datafield>
  <datafield tag="670" ind1=" " ind2=" ">
    <subfield code="a">Internet Movie Database, Dec. 10, 2002</subfield>
    <subfield code="b">(Al Litchman, producer, actor; b. Apr. 9, 1885, Hungary; d. Feb. 20, 1958, Los Angeles, Calif.)</subfield>
  </datafield>
</record>